{"id": 1000, "name": "Tech Solutions Inc #0", "email": "contact0@techsolutions.example", "created_at": "2023-01-16T00:00:00Z", "updated_at": "2023-04-19T00:00:00Z", "domain": "techsolutions.example", "industry": "technology", "employee_count": 483, "annual_revenue": 136111969, "metadata": {"tier": "professional", "support_level": "standard", "account_manager": "Lisa Wang", "region": "central", "priority": 1}}
{"id": 1001, "name": "Green Energy Co #1", "email": "contact1@greenenergy.example", "created_at": "2023-09-27T00:00:00Z", "updated_at": "2024-01-01T00:00:00Z", "domain": "greenenergy.example", "industry": "renewable_energy", "employee_count": 909, "annual_revenue": 12088459, "metadata": {"tier": "starter", "support_level": "basic", "account_manager": "Taylor Brown", "region": "north", "priority": 3}, "billing": {"plan": "annual", "amount": 990, "currency": "USD"}}
{"id": 1002, "name": "Creative Design Studio #2", "email": "contact2@creativedesign.example", "created_at": "2023-06-06T00:00:00Z", "updated_at": "2023-07-11T00:00:00Z", "domain": "creativedesign.example", "industry": "design", "employee_count": 132, "annual_revenue": 193765836, "metadata": {"tier": "starter", "support_level": "standard", "account_manager": "Emily Rodriguez", "region": "central", "priority": 5}, "integrations": {"salesforce": true, "hubspot": false, "slack": false}}
{"id": 1003, "name": "Global Logistics LLC #3", "email": "contact3@globallogistics.example", "created_at": "2024-01-11T00:00:00Z", "updated_at": "2024-07-12T00:00:00Z", "domain": "globallogistics.example", "industry": "logistics", "employee_count": 333, "annual_revenue": 74844280, "metadata": {"tier": "professional", "support_level": "basic", "account_manager": "Lisa Wang", "region": "west", "priority": 3}}
{"id": 1004, "name": "Health & Wellness Center #4", "email": "contact4@healthwellness.example", "created_at": "2024-05-11T00:00:00Z", "updated_at": "2024-07-23T00:00:00Z", "domain": "healthwellness.example", "industry": "healthcare", "employee_count": 341, "annual_revenue": 136139318, "metadata": {"tier": "enterprise", "support_level": "standard", "account_manager": "Alex Thompson", "region": "central", "priority": 3}}
{"id": 1005, "name": "Innovative Software Labs #5", "email": "contact5@innovativesoftware.example", "created_at": "2023-11-24T00:00:00Z", "updated_at": "2024-02-23T00:00:00Z", "domain": "innovativesoftware.example", "industry": "software", "employee_count": 95, "annual_revenue": 182415260, "metadata": {"tier": "starter", "support_level": "standard", "account_manager": "Alex Thompson", "region": "central", "priority": 1}, "billing": {"plan": "annual", "amount": 4815, "currency": "USD"}}
{"id": 1006, "name": "Artisan Coffee Roasters #6", "email": "contact6@artisancoffee.example", "created_at": "2023-02-26T00:00:00Z", "updated_at": "2023-03-31T00:00:00Z", "domain": "artisancoffee.example", "industry": "food_beverage", "employee_count": 668, "annual_revenue": 161257650, "metadata": {"tier": "enterprise", "support_level": "basic", "account_manager": "David Kim", "region": "north", "priority": 4}}
{"id": 1007, "name": "Educational Publishing House #7", "email": "contact7@edupublishing.example", "created_at": "2024-01-31T00:00:00Z", "updated_at": "2024-04-25T00:00:00Z", "domain": "edupublishing.example", "industry": "education", "employee_count": 372, "annual_revenue": 137018134, "metadata": {"tier": "professional", "support_level": "standard", "account_manager": "Emily Rodriguez", "region": "south", "priority": 2}}
{"id": 1008, "name": "Sustainable Fashion Brand #8", "email": "contact8@sustainablefashion.example", "created_at": "2023-08-30T00:00:00Z", "updated_at": "2023-12-18T00:00:00Z", "domain": "sustainablefashion.example", "industry": "fashion", "employee_count": 717, "annual_revenue": 123360991, "metadata": {"tier": "starter", "support_level": "premium", "account_manager": "David Kim", "region": "west", "priority": 2}}
{"id": 1009, "name": "Advanced Manufacturing Corp #9", "email": "contact9@advancedmfg.example", "created_at": "2023-04-20T00:00:00Z", "updated_at": "2023-09-08T00:00:00Z", "domain": "advancedmfg.example", "industry": "manufacturing", "employee_count": 716, "annual_revenue": 191666106, "metadata": {"tier": "professional", "support_level": "premium", "account_manager": "Lisa Wang", "region": "south", "priority": 3}, "integrations": {"salesforce": true, "hubspot": false, "slack": false}}
{"id": 1010, "name": "Digital Marketing Agency #10", "email": "contact10@digitalmarketing.example", "created_at": "2023-11-07T00:00:00Z", "updated_at": "2024-02-26T00:00:00Z", "domain": "digitalmarketing.example", "industry": "marketing", "employee_count": 974, "annual_revenue": 91793041, "metadata": {"tier": "professional", "support_level": "standard", "account_manager": "David Kim", "region": "north", "priority": 1}}
{"id": 1011, "name": "Cloud Services Provider #11", "email": "contact11@cloudservices.example", "created_at": "2024-01-25T00:00:00Z", "updated_at": "2024-05-08T00:00:00Z", "domain": "cloudservices.example", "industry": "cloud_computing", "employee_count": 668, "annual_revenue": 192758504, "metadata": {"tier": "starter", "support_level": "premium", "account_manager": "Michael Chen", "region": "west", "priority": 4}, "billing": {"plan": "monthly", "amount": 2607, "currency": "USD"}}
{"id": 1012, "name": "Biotech Research Lab #12", "email": "contact12@biotechresearch.example", "created_at": "2023-06-05T00:00:00Z", "updated_at": "2023-08-20T00:00:00Z", "domain": "biotechresearch.example", "industry": "biotechnology", "employee_count": 521, "annual_revenue": 143926934, "metadata": {"tier": "professional", "support_level": "premium", "account_manager": "Morgan Davis", "region": "north", "priority": 2}}
{"id": 1013, "name": "Urban Planning Consultants #13", "email": "contact13@urbanplanning.example", "created_at": "2024-03-03T00:00:00Z", "updated_at": "2024-07-31T00:00:00Z", "domain": "urbanplanning.example", "industry": "consulting", "employee_count": 33, "annual_revenue": 49413166, "metadata": {"tier": "starter", "support_level": "standard", "account_manager": "Emily Rodriguez", "region": "north", "priority": 5}}
{"id": 1014, "name": "Renewable Resources Corp #14", "email": "contact14@renewableresources.example", "created_at": "2024-01-07T00:00:00Z", "updated_at": "2024-04-30T00:00:00Z", "domain": "renewableresources.example", "industry": "energy", "employee_count": 218, "annual_revenue": 46563662, "metadata": {"tier": "professional", "support_level": "basic", "account_manager": "Alex Thompson", "region": "east", "priority": 3}}
{"id": 1015, "name": "Mobile App Development #15", "email": "contact15@mobileapp.example", "created_at": "2023-06-23T00:00:00Z", "updated_at": "2023-08-26T00:00:00Z", "domain": "mobileapp.example", "industry": "mobile", "employee_count": 725, "annual_revenue": 86332245, "metadata": {"tier": "professional", "support_level": "standard", "account_manager": "David Kim", "region": "central", "priority": 1}, "billing": {"plan": "monthly", "amount": 7873, "currency": "USD"}}
{"id": 1016, "name": "Data Analytics Firm #16", "email": "contact16@dataanalytics.example", "created_at": "2024-01-19T00:00:00Z", "updated_at": "2024-02-27T00:00:00Z", "domain": "dataanalytics.example", "industry": "analytics", "employee_count": 224, "annual_revenue": 39792714, "metadata": {"tier": "starter", "support_level": "premium", "account_manager": "Alex Thompson", "region": "central", "priority": 1}}
{"id": 1017, "name": "Cybersecurity Solutions #17", "email": "contact17@cybersecurity.example", "created_at": "2023-01-30T00:00:00Z", "updated_at": "2023-05-05T00:00:00Z", "domain": "cybersecurity.example", "industry": "security", "employee_count": 458, "annual_revenue": 159859163, "metadata": {"tier": "starter", "support_level": "premium", "account_manager": "Emily Rodriguez", "region": "north", "priority": 5}}
{"id": 1018, "name": "E-commerce Platform #18", "email": "contact18@ecommerce.example", "created_at": "2023-02-06T00:00:00Z", "updated_at": "2023-06-07T00:00:00Z", "domain": "ecommerce.example", "industry": "retail", "employee_count": 471, "annual_revenue": 15502099, "metadata": {"tier": "professional", "support_level": "premium", "account_manager": "Taylor Brown", "region": "south", "priority": 2}}
{"id": 1019, "name": "AI Research Institute #19", "email": "contact19@airesearch.example", "created_at": "2023-08-26T00:00:00Z", "updated_at": "2023-11-06T00:00:00Z", "domain": "airesearch.example", "industry": "research", "employee_count": 158, "annual_revenue": 28544843, "metadata": {"tier": "professional", "support_level": "basic", "account_manager": "Emily Rodriguez", "region": "central", "priority": 2}}
{"id": 1020, "name": "Tech Solutions Inc #20", "email": "contact20@techsolutions.example", "created_at": "2023-02-24T00:00:00Z", "updated_at": "2023-06-14T00:00:00Z", "domain": "techsolutions.example", "industry": "technology", "employee_count": 175, "annual_revenue": 96766280, "metadata": {"tier": "enterprise", "support_level": "standard", "account_manager": "Sarah Johnson", "region": "west", "priority": 1}}
{"id": 1021, "name": "Green Energy Co #21", "email": "contact21@greenenergy.example", "created_at": "2024-03-31T00:00:00Z", "updated_at": "2024-09-02T00:00:00Z", "domain": "greenenergy.example", "industry": "renewable_energy", "employee_count": 773, "annual_revenue": 75824350, "metadata": {"tier": "enterprise", "support_level": "standard", "account_manager": "Emily Rodriguez", "region": "east", "priority": 4}}
{"id": 1022, "name": "Creative Design Studio #22", "email": "contact22@creativedesign.example", "created_at": "2023-05-15T00:00:00Z", "updated_at": "2023-07-25T00:00:00Z", "domain": "creativedesign.example", "industry": "design", "employee_count": 603, "annual_revenue": 133162104, "metadata": {"tier": "starter", "support_level": "basic", "account_manager": "Morgan Davis", "region": "north", "priority": 1}}
{"id": 1023, "name": "Global Logistics LLC #23", "email": "contact23@globallogistics.example", "created_at": "2024-03-15T00:00:00Z", "updated_at": "2024-08-29T00:00:00Z", "domain": "globallogistics.example", "industry": "logistics", "employee_count": 381, "annual_revenue": 35570586, "metadata": {"tier": "enterprise", "support_level": "standard", "account_manager": "Alex Thompson", "region": "south", "priority": 5}}
{"id": 1024, "name": "Health & Wellness Center #24", "email": "contact24@healthwellness.example", "created_at": "2023-01-19T00:00:00Z", "updated_at": "2023-06-10T00:00:00Z", "domain": "healthwellness.example", "industry": "healthcare", "employee_count": 724, "annual_revenue": 91436931, "metadata": {"tier": "starter", "support_level": "basic", "account_manager": "Jordan Lee", "region": "south", "priority": 2}, "integrations": {"salesforce": false, "hubspot": true, "slack": false}}
{"id": 1025, "name": "Innovative Software Labs #25", "email": "contact25@innovativesoftware.example", "created_at": "2023-07-21T00:00:00Z", "updated_at": "2023-08-12T00:00:00Z", "domain": "innovativesoftware.example", "industry": "software", "employee_count": 328, "annual_revenue": 93275434, "metadata": {"tier": "starter", "support_level": "premium", "account_manager": "Michael Chen", "region": "east", "priority": 2}}
{"id": 1026, "name": "Artisan Coffee Roasters #26", "email": "contact26@artisancoffee.example", "created_at": "2023-12-26T00:00:00Z", "updated_at": "2024-03-26T00:00:00Z", "domain": "artisancoffee.example", "industry": "food_beverage", "employee_count": 40, "annual_revenue": 90760252, "metadata": {"tier": "starter", "support_level": "premium", "account_manager": "Casey Miller", "region": "central", "priority": 2}, "integrations": {"salesforce": true, "hubspot": true, "slack": true}}
{"id": 1027, "name": "Educational Publishing House #27", "email": "contact27@edupublishing.example", "created_at": "2023-07-16T00:00:00Z", "updated_at": "2023-10-28T00:00:00Z", "domain": "edupublishing.example", "industry": "education", "employee_count": 479, "annual_revenue": 168218212, "metadata": {"tier": "starter", "support_level": "premium", "account_manager": "Lisa Wang", "region": "south", "priority": 1}}
{"id": 1028, "name": "Sustainable Fashion Brand #28", "email": "contact28@sustainablefashion.example", "created_at": "2023-04-22T00:00:00Z", "updated_at": "2023-08-13T00:00:00Z", "domain": "sustainablefashion.example", "industry": "fashion", "employee_count": 284, "annual_revenue": 188328782, "metadata": {"tier": "enterprise", "support_level": "basic", "account_manager": "Sarah Johnson", "region": "north", "priority": 5}, "billing": {"plan": "monthly", "amount": 8151, "currency": "USD"}, "integrations": {"salesforce": true, "hubspot": false, "slack": true}}
{"id": 1029, "name": "Advanced Manufacturing Corp #29", "email": "contact29@advancedmfg.example", "created_at": "2023-11-28T00:00:00Z", "updated_at": "2024-03-06T00:00:00Z", "domain": "advancedmfg.example", "industry": "manufacturing", "employee_count": 827, "annual_revenue": 10736930, "metadata": {"tier": "professional", "support_level": "standard", "account_manager": "Morgan Davis", "region": "east", "priority": 5}, "billing": {"plan": "monthly", "amount": 910, "currency": "USD"}}
{"id": 1030, "name": "Digital Marketing Agency #30", "email": "contact30@digitalmarketing.example", "created_at": "2023-04-14T00:00:00Z", "updated_at": "2023-08-02T00:00:00Z", "domain": "digitalmarketing.example", "industry": "marketing", "employee_count": 385, "annual_revenue": 1685544, "metadata": {"tier": "enterprise", "support_level": "premium", "account_manager": "Lisa Wang", "region": "central", "priority": 4}, "billing": {"plan": "annual", "amount": 7482, "currency": "USD"}}
{"id": 1031, "name": "Cloud Services Provider #31", "email": "contact31@cloudservices.example", "created_at": "2023-11-25T00:00:00Z", "updated_at": "2024-05-09T00:00:00Z", "domain": "cloudservices.example", "industry": "cloud_computing", "employee_count": 878, "annual_revenue": 177206384, "metadata": {"tier": "starter", "support_level": "basic", "account_manager": "Taylor Brown", "region": "east", "priority": 5}}
{"id": 1032, "name": "Biotech Research Lab #32", "email": "contact32@biotechresearch.example", "created_at": "2023-08-09T00:00:00Z", "updated_at": "2024-02-12T00:00:00Z", "domain": "biotechresearch.example", "industry": "biotechnology", "employee_count": 444, "annual_revenue": 38287397, "metadata": {"tier": "enterprise", "support_level": "standard", "account_manager": "Alex Thompson", "region": "south", "priority": 2}}
{"id": 1033, "name": "Urban Planning Consultants #33", "email": "contact33@urbanplanning.example", "created_at": "2023-04-16T00:00:00Z", "updated_at": "2023-07-26T00:00:00Z", "domain": "urbanplanning.example", "industry": "consulting", "employee_count": 944, "annual_revenue": 127631703, "metadata": {"tier": "enterprise", "support_level": "standard", "account_manager": "Lisa Wang", "region": "west", "priority": 1}, "billing": {"plan": "monthly", "amount": 6807, "currency": "USD"}}
{"id": 1034, "name": "Renewable Resources Corp #34", "email": "contact34@renewableresources.example", "created_at": "2024-04-11T00:00:00Z", "updated_at": "2024-10-16T00:00:00Z", "domain": "renewableresources.example", "industry": "energy", "employee_count": 44, "annual_revenue": 154995577, "metadata": {"tier": "enterprise", "support_level": "basic", "account_manager": "Morgan Davis", "region": "west", "priority": 2}, "billing": {"plan": "annual", "amount": 4250, "currency": "USD"}}
{"id": 1035, "name": "Mobile App Development #35", "email": "contact35@mobileapp.example", "created_at": "2023-02-08T00:00:00Z", "updated_at": "2023-03-23T00:00:00Z", "domain": "mobileapp.example", "industry": "mobile", "employee_count": 933, "annual_revenue": 165960678, "metadata": {"tier": "starter", "support_level": "standard", "account_manager": "Jordan Lee", "region": "east", "priority": 2}}
{"id": 1036, "name": "Data Analytics Firm #36", "email": "contact36@dataanalytics.example", "created_at": "2024-05-08T00:00:00Z", "updated_at": "2024-06-04T00:00:00Z", "domain": "dataanalytics.example", "industry": "analytics", "employee_count": 455, "annual_revenue": 197157642, "metadata": {"tier": "enterprise", "support_level": "basic", "account_manager": "Emily Rodriguez", "region": "west", "priority": 2}, "billing": {"plan": "annual", "amount": 1973, "currency": "USD"}}
{"id": 1037, "name": "Cybersecurity Solutions #37", "email": "contact37@cybersecurity.example", "created_at": "2023-07-03T00:00:00Z", "updated_at": "2023-08-30T00:00:00Z", "domain": "cybersecurity.example", "industry": "security", "employee_count": 81, "annual_revenue": 146708303, "metadata": {"tier": "starter", "support_level": "premium", "account_manager": "Lisa Wang", "region": "north", "priority": 1}}
{"id": 1038, "name": "E-commerce Platform #38", "email": "contact38@ecommerce.example", "created_at": "2023-11-25T00:00:00Z", "updated_at": "2024-05-20T00:00:00Z", "domain": "ecommerce.example", "industry": "retail", "employee_count": 985, "annual_revenue": 120078857, "metadata": {"tier": "enterprise", "support_level": "premium", "account_manager": "Michael Chen", "region": "north", "priority": 4}}
{"id": 1039, "name": "AI Research Institute #39", "email": "contact39@airesearch.example", "created_at": "2024-03-20T00:00:00Z", "updated_at": "2024-04-28T00:00:00Z", "domain": "airesearch.example", "industry": "research", "employee_count": 905, "annual_revenue": 84252287, "metadata": {"tier": "enterprise", "support_level": "standard", "account_manager": "David Kim", "region": "west", "priority": 5}, "billing": {"plan": "annual", "amount": 9081, "currency": "USD"}}
{"id": 1040, "name": "Tech Solutions Inc #40", "email": "contact40@techsolutions.example", "created_at": "2023-01-30T00:00:00Z", "updated_at": "2023-02-04T00:00:00Z", "domain": "techsolutions.example", "industry": "technology", "employee_count": 34, "annual_revenue": 21822226, "metadata": {"tier": "starter", "support_level": "standard", "account_manager": "Sarah Johnson", "region": "south", "priority": 1}}
{"id": 1041, "name": "Green Energy Co #41", "email": "contact41@greenenergy.example", "created_at": "2023-01-09T00:00:00Z", "updated_at": "2023-06-09T00:00:00Z", "domain": "greenenergy.example", "industry": "renewable_energy", "employee_count": 512, "annual_revenue": 178460757, "metadata": {"tier": "professional", "support_level": "basic", "account_manager": "Morgan Davis", "region": "west", "priority": 2}}
{"id": 1042, "name": "Creative Design Studio #42", "email": "contact42@creativedesign.example", "created_at": "2024-01-06T00:00:00Z", "updated_at": "2024-04-12T00:00:00Z", "domain": "creativedesign.example", "industry": "design", "employee_count": 639, "annual_revenue": 86705644, "metadata": {"tier": "professional", "support_level": "premium", "account_manager": "Taylor Brown", "region": "east", "priority": 4}, "integrations": {"salesforce": false, "hubspot": false, "slack": false}}
{"id": 1043, "name": "Global Logistics LLC #43", "email": "contact43@globallogistics.example", "created_at": "2024-04-03T00:00:00Z", "updated_at": "2024-10-15T00:00:00Z", "domain": "globallogistics.example", "industry": "logistics", "employee_count": 949, "annual_revenue": 137915045, "metadata": {"tier": "professional", "support_level": "basic", "account_manager": "Taylor Brown", "region": "south", "priority": 1}}
{"id": 1044, "name": "Health & Wellness Center #44", "email": "contact44@healthwellness.example", "created_at": "2023-09-30T00:00:00Z", "updated_at": "2023-11-13T00:00:00Z", "domain": "healthwellness.example", "industry": "healthcare", "employee_count": 142, "annual_revenue": 22993082, "metadata": {"tier": "enterprise", "support_level": "premium", "account_manager": "David Kim", "region": "north", "priority": 1}, "billing": {"plan": "monthly", "amount": 6574, "currency": "USD"}}
{"id": 1045, "name": "Innovative Software Labs #45", "email": "contact45@innovativesoftware.example", "created_at": "2024-04-26T00:00:00Z", "updated_at": "2024-08-02T00:00:00Z", "domain": "innovativesoftware.example", "industry": "software", "employee_count": 606, "annual_revenue": 39562002, "metadata": {"tier": "starter", "support_level": "standard", "account_manager": "Michael Chen", "region": "west", "priority": 5}}
{"id": 1046, "name": "Artisan Coffee Roasters #46", "email": "contact46@artisancoffee.example", "created_at": "2023-11-27T00:00:00Z", "updated_at": "2023-12-05T00:00:00Z", "domain": "artisancoffee.example", "industry": "food_beverage", "employee_count": 263, "annual_revenue": 114926418, "metadata": {"tier": "professional", "support_level": "standard", "account_manager": "Jordan Lee", "region": "central", "priority": 2}}
{"id": 1047, "name": "Educational Publishing House #47", "email": "contact47@edupublishing.example", "created_at": "2024-03-31T00:00:00Z", "updated_at": "2024-06-19T00:00:00Z", "domain": "edupublishing.example", "industry": "education", "employee_count": 564, "annual_revenue": 131355921, "metadata": {"tier": "enterprise", "support_level": "basic", "account_manager": "Jordan Lee", "region": "east", "priority": 3}, "billing": {"plan": "annual", "amount": 1808, "currency": "USD"}, "integrations": {"salesforce": true, "hubspot": false, "slack": true}}
{"id": 1048, "name": "Sustainable Fashion Brand #48", "email": "contact48@sustainablefashion.example", "created_at": "2023-12-16T00:00:00Z", "updated_at": "2024-03-09T00:00:00Z", "domain": "sustainablefashion.example", "industry": "fashion", "employee_count": 1, "annual_revenue": 178489346, "metadata": {"tier": "professional", "support_level": "premium", "account_manager": "Sarah Johnson", "region": "central", "priority": 1}, "integrations": {"salesforce": true, "hubspot": false, "slack": false}}
{"id": 1049, "name": "Advanced Manufacturing Corp #49", "email": "contact49@advancedmfg.example", "created_at": "2023-07-25T00:00:00Z", "updated_at": "2023-08-31T00:00:00Z", "domain": "advancedmfg.example", "industry": "manufacturing", "employee_count": 139, "annual_revenue": 54747882, "metadata": {"tier": "enterprise", "support_level": "premium", "account_manager": "Taylor Brown", "region": "south", "priority": 4}}
{"id": 1050, "name": "Digital Marketing Agency #50", "email": "contact50@digitalmarketing.example", "created_at": "2023-09-01T00:00:00Z", "updated_at": "2024-02-23T00:00:00Z", "domain": "digitalmarketing.example", "industry": "marketing", "employee_count": 868, "annual_revenue": 97131050, "metadata": {"tier": "professional", "support_level": "standard", "account_manager": "Jordan Lee", "region": "north", "priority": 3}, "billing": {"plan": "monthly", "amount": 3973, "currency": "USD"}}
{"id": 1051, "name": "Cloud Services Provider #51", "email": "contact51@cloudservices.example", "created_at": "2024-05-08T00:00:00Z", "updated_at": "2024-08-08T00:00:00Z", "domain": "cloudservices.example", "industry": "cloud_computing", "employee_count": 849, "annual_revenue": 169397378, "metadata": {"tier": "professional", "support_level": "basic", "account_manager": "Taylor Brown", "region": "south", "priority": 2}}
{"id": 1052, "name": "Biotech Research Lab #52", "email": "contact52@biotechresearch.example", "created_at": "2024-01-02T00:00:00Z", "updated_at": "2024-05-27T00:00:00Z", "domain": "biotechresearch.example", "industry": "biotechnology", "employee_count": 685, "annual_revenue": 101798882, "metadata": {"tier": "professional", "support_level": "standard", "account_manager": "Jordan Lee", "region": "central", "priority": 2}, "billing": {"plan": "annual", "amount": 4846, "currency": "USD"}}
{"id": 1053, "name": "Urban Planning Consultants #53", "email": "contact53@urbanplanning.example", "created_at": "2023-11-04T00:00:00Z", "updated_at": "2024-02-01T00:00:00Z", "domain": "urbanplanning.example", "industry": "consulting", "employee_count": 8, "annual_revenue": 143326583, "metadata": {"tier": "professional", "support_level": "premium", "account_manager": "Morgan Davis", "region": "west", "priority": 2}}
{"id": 1054, "name": "Renewable Resources Corp #54", "email": "contact54@renewableresources.example", "created_at": "2023-08-23T00:00:00Z", "updated_at": "2024-01-09T00:00:00Z", "domain": "renewableresources.example", "industry": "energy", "employee_count": 660, "annual_revenue": 185050, "metadata": {"tier": "enterprise", "support_level": "standard", "account_manager": "Emily Rodriguez", "region": "west", "priority": 2}, "billing": {"plan": "annual", "amount": 2956, "currency": "USD"}}
{"id": 1055, "name": "Mobile App Development #55", "email": "contact55@mobileapp.example", "created_at": "2023-08-05T00:00:00Z", "updated_at": "2023-12-07T00:00:00Z", "domain": "mobileapp.example", "industry": "mobile", "employee_count": 302, "annual_revenue": 141802313, "metadata": {"tier": "starter", "support_level": "basic", "account_manager": "Lisa Wang", "region": "north", "priority": 3}}
{"id": 1056, "name": "Data Analytics Firm #56", "email": "contact56@dataanalytics.example", "created_at": "2023-05-21T00:00:00Z", "updated_at": "2023-09-08T00:00:00Z", "domain": "dataanalytics.example", "industry": "analytics", "employee_count": 156, "annual_revenue": 41049565, "metadata": {"tier": "enterprise", "support_level": "premium", "account_manager": "Emily Rodriguez", "region": "south", "priority": 1}, "billing": {"plan": "annual", "amount": 5343, "currency": "USD"}}
{"id": 1057, "name": "Cybersecurity Solutions #57", "email": "contact57@cybersecurity.example", "created_at": "2023-12-17T00:00:00Z", "updated_at": "2023-12-22T00:00:00Z", "domain": "cybersecurity.example", "industry": "security", "employee_count": 926, "annual_revenue": 143355105, "metadata": {"tier": "enterprise", "support_level": "basic", "account_manager": "Michael Chen", "region": "north", "priority": 5}, "billing": {"plan": "annual", "amount": 2993, "currency": "USD"}}
{"id": 1058, "name": "E-commerce Platform #58", "email": "contact58@ecommerce.example", "created_at": "2024-02-04T00:00:00Z", "updated_at": "2024-02-12T00:00:00Z", "domain": "ecommerce.example", "industry": "retail", "employee_count": 354, "annual_revenue": 34070053, "metadata": {"tier": "professional", "support_level": "standard", "account_manager": "Lisa Wang", "region": "north", "priority": 1}, "integrations": {"salesforce": false, "hubspot": false, "slack": true}}
{"id": 1059, "name": "AI Research Institute #59", "email": "contact59@airesearch.example", "created_at": "2023-11-01T00:00:00Z", "updated_at": "2023-12-19T00:00:00Z", "domain": "airesearch.example", "industry": "research", "employee_count": 454, "annual_revenue": 56491952, "metadata": {"tier": "starter", "support_level": "premium", "account_manager": "Casey Miller", "region": "north", "priority": 5}}
{"id": 1060, "name": "Tech Solutions Inc #60", "email": "contact60@techsolutions.example", "created_at": "2023-01-30T00:00:00Z", "updated_at": "2023-08-06T00:00:00Z", "domain": "techsolutions.example", "industry": "technology", "employee_count": 686, "annual_revenue": 121227086, "metadata": {"tier": "enterprise", "support_level": "standard", "account_manager": "David Kim", "region": "central", "priority": 3}, "billing": {"plan": "monthly", "amount": 4738, "currency": "USD"}, "integrations": {"salesforce": false, "hubspot": true, "slack": true}}
{"id": 1061, "name": "Green Energy Co #61", "email": "contact61@greenenergy.example", "created_at": "2024-02-22T00:00:00Z", "updated_at": "2024-03-11T00:00:00Z", "domain": "greenenergy.example", "industry": "renewable_energy", "employee_count": 838, "annual_revenue": 55892189, "metadata": {"tier": "professional", "support_level": "premium", "account_manager": "Sarah Johnson", "region": "south", "priority": 5}}
{"id": 1062, "name": "Creative Design Studio #62", "email": "contact62@creativedesign.example", "created_at": "2024-03-15T00:00:00Z", "updated_at": "2024-03-17T00:00:00Z", "domain": "creativedesign.example", "industry": "design", "employee_count": 65, "annual_revenue": 121557880, "metadata": {"tier": "professional", "support_level": "standard", "account_manager": "Casey Miller", "region": "west", "priority": 1}}
{"id": 1063, "name": "Global Logistics LLC #63", "email": "contact63@globallogistics.example", "created_at": "2023-03-03T00:00:00Z", "updated_at": "2023-09-03T00:00:00Z", "domain": "globallogistics.example", "industry": "logistics", "employee_count": 321, "annual_revenue": 123160372, "metadata": {"tier": "starter", "support_level": "premium", "account_manager": "Morgan Davis", "region": "south", "priority": 1}}
{"id": 1064, "name": "Health & Wellness Center #64", "email": "contact64@healthwellness.example", "created_at": "2023-06-25T00:00:00Z", "updated_at": "2023-10-05T00:00:00Z", "domain": "healthwellness.example", "industry": "healthcare", "employee_count": 668, "annual_revenue": 39063865, "metadata": {"tier": "starter", "support_level": "basic", "account_manager": "Sarah Johnson", "region": "west", "priority": 5}}
{"id": 1065, "name": "Innovative Software Labs #65", "email": "contact65@innovativesoftware.example", "created_at": "2024-01-12T00:00:00Z", "updated_at": "2024-03-06T00:00:00Z", "domain": "innovativesoftware.example", "industry": "software", "employee_count": 3, "annual_revenue": 39248225, "metadata": {"tier": "enterprise", "support_level": "basic", "account_manager": "Emily Rodriguez", "region": "east", "priority": 3}}
{"id": 1066, "name": "Artisan Coffee Roasters #66", "email": "contact66@artisancoffee.example", "created_at": "2024-01-16T00:00:00Z", "updated_at": "2024-06-26T00:00:00Z", "domain": "artisancoffee.example", "industry": "food_beverage", "employee_count": 733, "annual_revenue": 3502007, "metadata": {"tier": "enterprise", "support_level": "premium", "account_manager": "Morgan Davis", "region": "east", "priority": 4}}
{"id": 1067, "name": "Educational Publishing House #67", "email": "contact67@edupublishing.example", "created_at": "2023-06-11T00:00:00Z", "updated_at": "2023-11-05T00:00:00Z", "domain": "edupublishing.example", "industry": "education", "employee_count": 584, "annual_revenue": 111214856, "metadata": {"tier": "starter", "support_level": "basic", "account_manager": "Jordan Lee", "region": "east", "priority": 5}, "integrations": {"salesforce": false, "hubspot": true, "slack": true}}
{"id": 1068, "name": "Sustainable Fashion Brand #68", "email": "contact68@sustainablefashion.example", "created_at": "2023-08-26T00:00:00Z", "updated_at": "2024-01-01T00:00:00Z", "domain": "sustainablefashion.example", "industry": "fashion", "employee_count": 227, "annual_revenue": 195844316, "metadata": {"tier": "enterprise", "support_level": "premium", "account_manager": "Morgan Davis", "region": "north", "priority": 5}, "integrations": {"salesforce": true, "hubspot": true, "slack": true}}
{"id": 1069, "name": "Advanced Manufacturing Corp #69", "email": "contact69@advancedmfg.example", "created_at": "2023-11-15T00:00:00Z", "updated_at": "2023-12-01T00:00:00Z", "domain": "advancedmfg.example", "industry": "manufacturing", "employee_count": 44, "annual_revenue": 155660002, "metadata": {"tier": "starter", "support_level": "premium", "account_manager": "Taylor Brown", "region": "east", "priority": 4}, "billing": {"plan": "annual", "amount": 3622, "currency": "USD"}, "integrations": {"salesforce": true, "hubspot": true, "slack": true}}
{"id": 1070, "name": "Digital Marketing Agency #70", "email": "contact70@digitalmarketing.example", "created_at": "2023-03-01T00:00:00Z", "updated_at": "2023-04-25T00:00:00Z", "domain": "digitalmarketing.example", "industry": "marketing", "employee_count": 400, "annual_revenue": 77318775, "metadata": {"tier": "professional", "support_level": "standard", "account_manager": "Emily Rodriguez", "region": "central", "priority": 2}, "billing": {"plan": "annual", "amount": 2702, "currency": "USD"}}
{"id": 1071, "name": "Cloud Services Provider #71", "email": "contact71@cloudservices.example", "created_at": "2023-10-31T00:00:00Z", "updated_at": "2024-01-15T00:00:00Z", "domain": "cloudservices.example", "industry": "cloud_computing", "employee_count": 668, "annual_revenue": 21161806, "metadata": {"tier": "starter", "support_level": "premium", "account_manager": "Jordan Lee", "region": "north", "priority": 5}}
{"id": 1072, "name": "Biotech Research Lab #72", "email": "contact72@biotechresearch.example", "created_at": "2023-11-27T00:00:00Z", "updated_at": "2024-02-15T00:00:00Z", "domain": "biotechresearch.example", "industry": "biotechnology", "employee_count": 905, "annual_revenue": 81526918, "metadata": {"tier": "professional", "support_level": "standard", "account_manager": "David Kim", "region": "north", "priority": 4}, "billing": {"plan": "annual", "amount": 8563, "currency": "USD"}}
{"id": 1073, "name": "Urban Planning Consultants #73", "email": "contact73@urbanplanning.example", "created_at": "2023-12-06T00:00:00Z", "updated_at": "2024-03-29T00:00:00Z", "domain": "urbanplanning.example", "industry": "consulting", "employee_count": 425, "annual_revenue": 62769818, "metadata": {"tier": "starter", "support_level": "standard", "account_manager": "Michael Chen", "region": "south", "priority": 1}}
{"id": 1074, "name": "Renewable Resources Corp #74", "email": "contact74@renewableresources.example", "created_at": "2023-06-13T00:00:00Z", "updated_at": "2023-09-21T00:00:00Z", "domain": "renewableresources.example", "industry": "energy", "employee_count": 983, "annual_revenue": 151669063, "metadata": {"tier": "professional", "support_level": "standard", "account_manager": "Casey Miller", "region": "north", "priority": 2}, "billing": {"plan": "monthly", "amount": 1398, "currency": "USD"}}
{"id": 1075, "name": "Mobile App Development #75", "email": "contact75@mobileapp.example", "created_at": "2023-10-30T00:00:00Z", "updated_at": "2024-05-15T00:00:00Z", "domain": "mobileapp.example", "industry": "mobile", "employee_count": 386, "annual_revenue": 141361489, "metadata": {"tier": "starter", "support_level": "standard", "account_manager": "Michael Chen", "region": "south", "priority": 5}, "billing": {"plan": "monthly", "amount": 6795, "currency": "USD"}}
{"id": 1076, "name": "Data Analytics Firm #76", "email": "contact76@dataanalytics.example", "created_at": "2024-04-05T00:00:00Z", "updated_at": "2024-04-27T00:00:00Z", "domain": "dataanalytics.example", "industry": "analytics", "employee_count": 847, "annual_revenue": 55105395, "metadata": {"tier": "professional", "support_level": "premium", "account_manager": "Morgan Davis", "region": "north", "priority": 1}}
{"id": 1077, "name": "Cybersecurity Solutions #77", "email": "contact77@cybersecurity.example", "created_at": "2023-08-30T00:00:00Z", "updated_at": "2023-12-17T00:00:00Z", "domain": "cybersecurity.example", "industry": "security", "employee_count": 327, "annual_revenue": 147389381, "metadata": {"tier": "starter", "support_level": "standard", "account_manager": "Casey Miller", "region": "north", "priority": 4}, "integrations": {"salesforce": false, "hubspot": true, "slack": true}}
{"id": 1078, "name": "E-commerce Platform #78", "email": "contact78@ecommerce.example", "created_at": "2023-12-26T00:00:00Z", "updated_at": "2023-12-28T00:00:00Z", "domain": "ecommerce.example", "industry": "retail", "employee_count": 334, "annual_revenue": 66838084, "metadata": {"tier": "starter", "support_level": "premium", "account_manager": "Emily Rodriguez", "region": "north", "priority": 1}, "billing": {"plan": "monthly", "amount": 5398, "currency": "USD"}, "integrations": {"salesforce": false, "hubspot": false, "slack": true}}
{"id": 1079, "name": "AI Research Institute #79", "email": "contact79@airesearch.example", "created_at": "2023-06-20T00:00:00Z", "updated_at": "2023-10-04T00:00:00Z", "domain": "airesearch.example", "industry": "research", "employee_count": 523, "annual_revenue": 143333570, "metadata": {"tier": "starter", "support_level": "premium", "account_manager": "Taylor Brown", "region": "north", "priority": 5}}
{"id": 1080, "name": "Tech Solutions Inc #80", "email": "contact80@techsolutions.example", "created_at": "2023-01-13T00:00:00Z", "updated_at": "2023-02-26T00:00:00Z", "domain": "techsolutions.example", "industry": "technology", "employee_count": 198, "annual_revenue": 175062292, "metadata": {"tier": "enterprise", "support_level": "standard", "account_manager": "Taylor Brown", "region": "east", "priority": 4}, "billing": {"plan": "annual", "amount": 5668, "currency": "USD"}, "integrations": {"salesforce": false, "hubspot": true, "slack": true}}
{"id": 1081, "name": "Green Energy Co #81", "email": "contact81@greenenergy.example", "created_at": "2023-04-21T00:00:00Z", "updated_at": "2023-08-24T00:00:00Z", "domain": "greenenergy.example", "industry": "renewable_energy", "employee_count": 4, "annual_revenue": 178936878, "metadata": {"tier": "enterprise", "support_level": "standard", "account_manager": "Casey Miller", "region": "east", "priority": 3}}
{"id": 1082, "name": "Creative Design Studio #82", "email": "contact82@creativedesign.example", "created_at": "2023-12-13T00:00:00Z", "updated_at": "2024-01-14T00:00:00Z", "domain": "creativedesign.example", "industry": "design", "employee_count": 749, "annual_revenue": 78564437, "metadata": {"tier": "professional", "support_level": "standard", "account_manager": "Sarah Johnson", "region": "central", "priority": 3}}
{"id": 1083, "name": "Global Logistics LLC #83", "email": "contact83@globallogistics.example", "created_at": "2023-07-30T00:00:00Z", "updated_at": "2023-08-06T00:00:00Z", "domain": "globallogistics.example", "industry": "logistics", "employee_count": 762, "annual_revenue": 48800882, "metadata": {"tier": "professional", "support_level": "basic", "account_manager": "Emily Rodriguez", "region": "south", "priority": 2}}
{"id": 1084, "name": "Health & Wellness Center #84", "email": "contact84@healthwellness.example", "created_at": "2023-11-24T00:00:00Z", "updated_at": "2023-12-07T00:00:00Z", "domain": "healthwellness.example", "industry": "healthcare", "employee_count": 240, "annual_revenue": 9509525, "metadata": {"tier": "enterprise", "support_level": "premium", "account_manager": "Emily Rodriguez", "region": "south", "priority": 4}, "billing": {"plan": "monthly", "amount": 6026, "currency": "USD"}, "integrations": {"salesforce": true, "hubspot": true, "slack": false}}
{"id": 1085, "name": "Innovative Software Labs #85", "email": "contact85@innovativesoftware.example", "created_at": "2023-04-29T00:00:00Z", "updated_at": "2023-08-16T00:00:00Z", "domain": "innovativesoftware.example", "industry": "software", "employee_count": 844, "annual_revenue": 110591482, "metadata": {"tier": "professional", "support_level": "standard", "account_manager": "Jordan Lee", "region": "north", "priority": 3}, "billing": {"plan": "monthly", "amount": 5386, "currency": "USD"}}
{"id": 1086, "name": "Artisan Coffee Roasters #86", "email": "contact86@artisancoffee.example", "created_at": "2023-09-25T00:00:00Z", "updated_at": "2024-03-10T00:00:00Z", "domain": "artisancoffee.example", "industry": "food_beverage", "employee_count": 742, "annual_revenue": 115923934, "metadata": {"tier": "enterprise", "support_level": "standard", "account_manager": "Emily Rodriguez", "region": "north", "priority": 1}}
{"id": 1087, "name": "Educational Publishing House #87", "email": "contact87@edupublishing.example", "created_at": "2023-07-28T00:00:00Z", "updated_at": "2024-01-24T00:00:00Z", "domain": "edupublishing.example", "industry": "education", "employee_count": 870, "annual_revenue": 89382015, "metadata": {"tier": "enterprise", "support_level": "basic", "account_manager": "Jordan Lee", "region": "central", "priority": 2}}
{"id": 1088, "name": "Sustainable Fashion Brand #88", "email": "contact88@sustainablefashion.example", "created_at": "2024-04-29T00:00:00Z", "updated_at": "2024-10-25T00:00:00Z", "domain": "sustainablefashion.example", "industry": "fashion", "employee_count": 659, "annual_revenue": 44605144, "metadata": {"tier": "enterprise", "support_level": "standard", "account_manager": "Lisa Wang", "region": "west", "priority": 5}}
{"id": 1089, "name": "Advanced Manufacturing Corp #89", "email": "contact89@advancedmfg.example", "created_at": "2023-07-23T00:00:00Z", "updated_at": "2023-12-12T00:00:00Z", "domain": "advancedmfg.example", "industry": "manufacturing", "employee_count": 296, "annual_revenue": 172406799, "metadata": {"tier": "enterprise", "support_level": "standard", "account_manager": "Alex Thompson", "region": "west", "priority": 2}, "billing": {"plan": "monthly", "amount": 8295, "currency": "USD"}, "integrations": {"salesforce": false, "hubspot": false, "slack": true}}
{"id": 1090, "name": "Digital Marketing Agency #90", "email": "contact90@digitalmarketing.example", "created_at": "2024-03-29T00:00:00Z", "updated_at": "2024-08-17T00:00:00Z", "domain": "digitalmarketing.example", "industry": "marketing", "employee_count": 360, "annual_revenue": 90934863, "metadata": {"tier": "starter", "support_level": "standard", "account_manager": "Lisa Wang", "region": "west", "priority": 1}}
{"id": 1091, "name": "Cloud Services Provider #91", "email": "contact91@cloudservices.example", "created_at": "2023-07-29T00:00:00Z", "updated_at": "2023-11-17T00:00:00Z", "domain": "cloudservices.example", "industry": "cloud_computing", "employee_count": 118, "annual_revenue": 187322313, "metadata": {"tier": "professional", "support_level": "premium", "account_manager": "Lisa Wang", "region": "north", "priority": 1}}
{"id": 1092, "name": "Biotech Research Lab #92", "email": "contact92@biotechresearch.example", "created_at": "2023-06-16T00:00:00Z", "updated_at": "2023-11-21T00:00:00Z", "domain": "biotechresearch.example", "industry": "biotechnology", "employee_count": 760, "annual_revenue": 49454857, "metadata": {"tier": "professional", "support_level": "premium", "account_manager": "Jordan Lee", "region": "west", "priority": 3}, "billing": {"plan": "monthly", "amount": 2239, "currency": "USD"}}
{"id": 1093, "name": "Urban Planning Consultants #93", "email": "contact93@urbanplanning.example", "created_at": "2024-03-08T00:00:00Z", "updated_at": "2024-08-23T00:00:00Z", "domain": "urbanplanning.example", "industry": "consulting", "employee_count": 61, "annual_revenue": 186029831, "metadata": {"tier": "starter", "support_level": "basic", "account_manager": "Alex Thompson", "region": "east", "priority": 5}, "billing": {"plan": "annual", "amount": 241, "currency": "USD"}, "integrations": {"salesforce": false, "hubspot": true, "slack": true}}
{"id": 1094, "name": "Renewable Resources Corp #94", "email": "contact94@renewableresources.example", "created_at": "2024-05-09T00:00:00Z", "updated_at": "2024-05-23T00:00:00Z", "domain": "renewableresources.example", "industry": "energy", "employee_count": 475, "annual_revenue": 73521989, "metadata": {"tier": "enterprise", "support_level": "basic", "account_manager": "Alex Thompson", "region": "west", "priority": 5}, "billing": {"plan": "monthly", "amount": 4787, "currency": "USD"}}
{"id": 1095, "name": "Mobile App Development #95", "email": "contact95@mobileapp.example", "created_at": "2024-02-25T00:00:00Z", "updated_at": "2024-07-12T00:00:00Z", "domain": "mobileapp.example", "industry": "mobile", "employee_count": 572, "annual_revenue": 46201949, "metadata": {"tier": "enterprise", "support_level": "standard", "account_manager": "Taylor Brown", "region": "north", "priority": 3}}
{"id": 1096, "name": "Data Analytics Firm #96", "email": "contact96@dataanalytics.example", "created_at": "2023-05-13T00:00:00Z", "updated_at": "2023-09-15T00:00:00Z", "domain": "dataanalytics.example", "industry": "analytics", "employee_count": 412, "annual_revenue": 195676652, "metadata": {"tier": "enterprise", "support_level": "basic", "account_manager": "Casey Miller", "region": "east", "priority": 1}}
{"id": 1097, "name": "Cybersecurity Solutions #97", "email": "contact97@cybersecurity.example", "created_at": "2023-11-16T00:00:00Z", "updated_at": "2024-02-02T00:00:00Z", "domain": "cybersecurity.example", "industry": "security", "employee_count": 46, "annual_revenue": 99767543, "metadata": {"tier": "enterprise", "support_level": "standard", "account_manager": "Jordan Lee", "region": "central", "priority": 4}, "integrations": {"salesforce": true, "hubspot": true, "slack": true}}
{"id": 1098, "name": "E-commerce Platform #98", "email": "contact98@ecommerce.example", "created_at": "2023-05-26T00:00:00Z", "updated_at": "2023-11-01T00:00:00Z", "domain": "ecommerce.example", "industry": "retail", "employee_count": 900, "annual_revenue": 51239346, "metadata": {"tier": "professional", "support_level": "standard", "account_manager": "Michael Chen", "region": "north", "priority": 3}}
{"id": 1099, "name": "AI Research Institute #99", "email": "contact99@airesearch.example", "created_at": "2023-09-14T00:00:00Z", "updated_at": "2024-03-16T00:00:00Z", "domain": "airesearch.example", "industry": "research", "employee_count": 549, "annual_revenue": 27561385, "metadata": {"tier": "enterprise", "support_level": "premium", "account_manager": "Jordan Lee", "region": "north", "priority": 3}, "billing": {"plan": "monthly", "amount": 7813, "currency": "USD"}, "integrations": {"salesforce": true, "hubspot": false, "slack": true}}
